@misc{key,
    author = "Author",
    title = "Title",
    year = "1970"
}
